

@Misc{epcis,
  author = 	 {EPCGlobal},
  title = 	 {EPCIS - EPC Information Services Standard},
  howpublished = {\url{http://www.epcglobalinc.org/standards/epcis/epcis_1_0_1-standard-20070921.pdf}},
  year = 	 {2007}
}

@Misc{ons,
  author =       "EPCGlobal",
  title =        "EPCGlobal Object Name Service (ONS) 1.0.1",
  howpublished = {\url{http://www.epcglobalinc.org/standards/ons/ons_1_0_1-standard-20080529.pdf}},
  year =         "2008"
}

@Misc{ale,
  author = "EPCGlobal",
  title = "Application Level Events (ALE) v1.1",
  year= "2008",
  howpublished = {\url{http://www.epcglobalinc.org/standards/ale/ale_1_1-standard-core-20080227.pdf} and \url{http://www.epcglobalinc.org/standards/ale/ale_1_1-standard-XMLandSOAPbindings-20080227.pdf}}
}

@inproceedings{dsdesign,
  author    = {Chris K{\"u}rschner and
               Cosmin Condea and
               Oliver Kasten and
               Fr{\'e}d{\'e}ric Thiesse},
  title     = {Discovery Service Design in the EPCglobal Network},
  booktitle = {IOT},
  year      = 2008,
  pages     = {19-34},
  ee        = {http://dx.doi.org/10.1007/978-3-540-78731-0_2},
  crossref  = {DBLP:conf/iot/2008},
  bibsource = {DBLP, http://dblp.uni-trier.de}
}

@proceedings{DBLP:conf/iot/2008,
  editor    = {Christian Floerkemeier and
               Marc Langheinrich and
               Elgar Fleisch and
               Friedemann Mattern and
               Sanjay E. Sarma},
  title     = {The Internet of Things, First International Conference,
               IOT 2008, Zurich, Switzerland, March 26-28, 2008. Proceedings},
  booktitle = {IOT},
  publisher = {Springer},
  series    = {Lecture Notes in Computer Science},
  volume    = 4952,
  year      = 2008,
  isbn      = {978-3-540-78730-3},
  bibsource = {DBLP, http://dblp.uni-trier.de}
}


@TechReport{bridge,
  author = 	 {BRIDGE project},
  title = 	 {High level design for Discovery Services.},
  institution = {\url{http://www.bridge-project.eu/data/File/BRIDGE%20WP02%20High%20level%20design%20Discovery%20Services.pdf}},
  year = 	 2007}

@Misc{dsconcept,
  OPTkey = 	 {},
  author = 	 {Young, M.},
  title = 	 {Extensible Supply-chain Discovery Service Concepts, IETF Draft},
  howpublished = {\url{http://tools.ietf.org/html/draft-young-esds-concepts-04}},
  OPTmonth = 	 {},
  year = 	 {2008},
  OPTnote = 	 {},
  OPTannote = 	 {}
}

@inproceedings{tracabilityDS,
  author    = {Jose Juan Cantero and
               Miguel Angel Guijarro and
               Guillermo Arrebola and
               Ernesto Garcia and
               Janie Banos and
               Mark Harrison and
               Thomas Kelepouris},
  title     = {Traceability applications based on discovery services},
  booktitle = {ETFA},
  year      = {2008},
  pages     = {1332-1337},
  ee        = {http://dx.doi.org/10.1109/ETFA.2008.4638572},
  crossref  = {DBLP:conf/etfa/2008},
  bibsource = {DBLP, http://dblp.uni-trier.de}
}

@proceedings{DBLP:conf/etfa/2008,
  title     = {Proceedings of 13th IEEE International Conference on Emerging
               Technologies and Factory Automation, ETFA 2008, September
               15-18, 2008, Hamburg, Germany},
  booktitle = {ETFA},
  publisher = {IEEE},
  year      = {2008},
  bibsource = {DBLP, http://dblp.uni-trier.de}
}

@inproceedings{epedigree,
 author = {Huang, Dijiang and Verma, Mayank and Ramachandran, Archana and Zhou, Zhibin},
 title = {A Distributed ePedigree Architecture},
 booktitle = {FTDCS '07: Proceedings of the 11th IEEE International Workshop on Future Trends of Distributed Computing Systems},
 year = {2007},
 isbn = {0-7695-2810-4},
 pages = {220--230},
 doi = {http://dx.doi.org/10.1109/FTDCS.2007.5},
 publisher = {IEEE Computer Society},
 address = {Washington, DC, USA},
 }

@inproceedings{conf/iwrt/WamhoffGA08,
title = {Routing Mechanism for Secure, Distributed Discovery Services for Global Auto-ID Networks.},
author = {Jons-Tobias Wamhoff and Eberhard Grummt and Ralf Ackermann},
booktitle = {IWRT},
crossref = {DBLP:conf/iwrt/2008},
editor = {Quan Z. Sheng and Zakaria Maamar and Sherali Zeadally and Mark Cameron},
pages = {136-141},
publisher = {INSTICC PRESS},
url = {http://dblp.uni-trier.de/db/conf/iwrt/iwrt2008.html#WamhoffGA08},
year = {2008},
description = {dblp},
isbn = {978-989-8111-46-3}, date = {2008-08-18},
keywords = {dblp }
} 

@proceedings{DBLP:conf/iwrt/2008,
  editor    = {Quan Z. Sheng and
               Zakaria Maamar and
               Sherali Zeadally and
               Mark Cameron},
  title     = {RFID Technology - Concepts, Applications, Challenges, Proceedings
               of the 2nd International Workshop on RFID Technology - Concepts,
               Applications, Challenges, IWRT 2008, In conjunction with
               ICEIS 2008, Barcelona, Spain, June 2008},
  booktitle = {IWRT},
  publisher = {INSTICC PRESS},
  year      = {2008},
  isbn      = {978-989-8111-46-3},
  bibsource = {DBLP, http://dblp.uni-trier.de}
}

